Date,Gross sales,Refunds,Discounts,Net sales,Cost of goods,Gross profit,Margin,Taxes
9/30/19,742.20,0.00,2.83,739.37,0.00,739.37,100.00%,0.00
9/29/19,610.90,23.60,4.86,582.44,0.00,582.44,100.00%,0.00
9/28/19,858.20,0.00,6.44,851.76,0.00,851.76,100.00%,0.00
9/27/19,652.00,0.00,34.75,617.25,0.00,617.25,100.00%,0.00
9/26/19,844.80,0.00,45.13,799.67,0.00,799.67,100.00%,0.00
9/25/19,632.10,0.00,35.50,596.60,0.00,596.60,100.00%,0.00
9/24/19,907.50,0.00,18.00,889.50,0.00,889.50,100.00%,0.00
9/23/19,701.30,0.00,42.00,659.30,0.00,659.30,100.00%,0.00
9/22/19,0.00,0.00,0.00,0.00,0.00,0.00,0.00%,0.00
9/21/19,868.50,0.00,80.70,787.80,0.00,787.80,100.00%,0.00
9/20/19,1124.10,0.00,61.50,1062.60,0.00,1062.60,100.00%,0.00
9/19/19,660.40,114.90,23.00,522.50,0.00,522.50,100.00%,0.00
9/18/19,674.60,0.00,32.00,642.60,0.00,642.60,100.00%,0.00
9/17/19,630.90,0.00,35.60,595.30,0.00,595.30,100.00%,0.00
9/16/19,529.70,0.00,39.68,490.02,0.00,490.02,100.00%,0.00
9/15/19,550.70,0.00,10.00,540.70,0.00,540.70,100.00%,0.00
9/14/19,755.30,19.00,11.00,725.30,0.00,725.30,100.00%,0.00
9/13/19,599.30,0.00,32.00,567.30,0.00,567.30,100.00%,0.00
9/12/19,810.90,0.00,46.00,764.90,0.00,764.90,100.00%,0.00
9/11/19,866.70,0.00,1.55,865.15,0.00,865.15,100.00%,0.00
9/10/19,593.80,0.00,1.85,591.95,0.00,591.95,100.00%,0.00
9/9/19,733.30,0.00,5.98,727.32,0.00,727.32,100.00%,0.00
9/8/19,413.00,0.00,3.74,409.26,0.00,409.26,100.00%,0.00
9/7/19,568.20,0.00,2.63,565.57,0.00,565.57,100.00%,0.00
9/6/19,740.40,0.00,3.98,736.42,0.00,736.42,100.00%,0.00
9/5/19,687.50,0.00,0.68,686.82,0.00,686.82,100.00%,0.00
9/4/19,722.10,0.00,0.00,722.10,0.00,722.10,100.00%,0.00
9/3/19,623.40,0.00,0.00,623.40,0.00,623.40,100.00%,0.00
9/2/19,798.20,0.00,9.17,789.03,0.00,789.03,100.00%,0.00
9/1/19,515.30,0.00,1.88,513.42,0.00,513.42,100.00%,0.00
8/31/19,902.30,0.00,1.45,900.85,0.00,900.85,100.00%,0.00
8/30/19,668.20,0.00,1.98,666.22,0.00,666.22,100.00%,0.00
8/29/19,681.50,0.00,0.00,681.50,0.00,681.50,100.00%,0.00
8/28/19,750.90,0.00,0.10,750.80,0.00,750.80,100.00%,0.00
8/27/19,821.60,0.00,0.20,821.40,0.00,821.40,100.00%,0.00
8/26/19,741.70,0.00,3.68,738.02,0.00,738.02,100.00%,0.00
8/25/19,671.70,0.00,7.54,664.16,0.00,664.16,100.00%,0.00
8/24/19,893.90,0.00,0.00,893.90,0.00,893.90,100.00%,0.00
8/23/19,888.80,0.00,103.00,785.80,0.00,785.80,100.00%,0.00
8/22/19,723.00,0.00,27.35,695.65,0.00,695.65,100.00%,0.00
8/21/19,700.80,0.00,0.00,700.80,0.00,700.80,100.00%,0.00
8/20/19,873.40,0.00,31.00,842.40,0.00,842.40,100.00%,0.00
8/19/19,838.10,0.00,1.80,836.30,0.00,836.30,100.00%,0.00
8/18/19,0.00,0.00,0.00,0.00,0.00,0.00,0.00%,0.00
8/17/19,374.20,0.00,1.23,372.97,0.00,372.97,100.00%,0.00
8/16/19,740.20,0.00,0.00,740.20,0.00,740.20,100.00%,0.00
8/15/19,714.80,0.00,1.28,713.52,0.00,713.52,100.00%,0.00
8/14/19,617.50,0.00,0.50,617.00,0.00,617.00,100.00%,0.00
8/13/19,598.60,0.00,2.35,596.25,0.00,596.25,100.00%,0.00
8/12/19,0.00,0.00,0.00,0.00,0.00,0.00,0.00%,0.00
8/11/19,0.00,0.00,0.00,0.00,0.00,0.00,0.00%,0.00
8/10/19,0.00,0.00,0.00,0.00,0.00,0.00,0.00%,0.00
8/9/19,0.00,0.00,0.00,0.00,0.00,0.00,0.00%,0.00
8/8/19,798.90,0.00,13.07,785.83,0.00,785.83,100.00%,0.00
8/7/19,495.80,0.00,0.00,495.80,0.00,495.80,100.00%,0.00
8/6/19,453.50,0.00,0.45,453.05,0.00,453.05,100.00%,0.00
8/5/19,1034.50,0.00,1.20,1033.30,0.00,1033.30,100.00%,0.00
8/4/19,574.70,0.00,1.53,573.17,0.00,573.17,100.00%,0.00
8/3/19,688.70,0.00,2.40,686.30,0.00,686.30,100.00%,0.00
8/2/19,442.80,0.00,3.20,439.60,0.00,439.60,100.00%,0.00
8/1/19,571.90,0.00,52.65,519.25,0.00,519.25,100.00%,0.00
7/31/19,351.50,0.00,1.68,349.82,0.00,349.82,100.00%,0.00
7/30/19,502.00,0.00,0.00,502.00,0.00,502.00,100.00%,0.00
7/29/19,439.20,0.00,2.50,436.70,0.00,436.70,100.00%,0.00
7/28/19,552.80,0.00,0.00,552.80,0.00,552.80,100.00%,0.00
7/27/19,497.40,0.00,0.00,497.40,0.00,497.40,100.00%,0.00
7/26/19,540.90,0.00,0.00,540.90,0.00,540.90,100.00%,0.00
7/25/19,438.50,16.80,6.23,415.47,0.00,415.47,100.00%,0.00
7/24/19,668.80,0.00,0.00,668.80,0.00,668.80,100.00%,0.00
7/23/19,528.90,0.00,1.87,527.03,0.00,527.03,100.00%,0.00
7/22/19,382.20,0.00,1.88,380.32,0.00,380.32,100.00%,0.00
7/21/19,473.60,0.00,2.96,470.64,0.00,470.64,100.00%,0.00
7/20/19,614.30,0.00,0.00,614.30,0.00,614.30,100.00%,0.00
7/19/19,644.70,0.00,3.70,641.00,0.00,641.00,100.00%,0.00
7/18/19,560.50,0.00,0.00,560.50,0.00,560.50,100.00%,0.00
7/17/19,567.30,0.00,0.00,567.30,0.00,567.30,100.00%,0.00
7/16/19,618.20,0.00,7.10,611.10,0.00,611.10,100.00%,0.00
7/15/19,594.10,0.00,2.29,591.81,0.00,591.81,100.00%,0.00
7/14/19,376.20,0.00,2.71,373.49,0.00,373.49,100.00%,0.00
7/13/19,616.60,0.00,9.63,606.97,0.00,606.97,100.00%,0.00
7/12/19,566.30,0.00,0.00,566.30,0.00,566.30,100.00%,0.00
7/11/19,521.30,0.00,0.00,521.30,0.00,521.30,100.00%,0.00
7/10/19,637.40,0.00,2.33,635.07,0.00,635.07,100.00%,0.00
7/9/19,590.70,0.00,44.80,545.90,0.00,545.90,100.00%,0.00
7/8/19,477.20,0.00,2.39,474.81,0.00,474.81,100.00%,0.00
7/7/19,440.90,0.00,0.00,440.90,0.00,440.90,100.00%,0.00
7/6/19,728.70,0.00,4.76,723.94,0.00,723.94,100.00%,0.00
7/5/19,548.30,0.00,0.00,548.30,0.00,548.30,100.00%,0.00
7/4/19,704.80,7.00,38.59,659.21,0.00,659.21,100.00%,0.00
7/3/19,455.40,0.00,4.95,450.45,0.00,450.45,100.00%,0.00
7/2/19,553.20,0.00,0.00,553.20,0.00,553.20,100.00%,0.00
7/1/19,490.80,0.00,28.20,462.60,0.00,462.60,100.00%,0.00
6/30/19,554.50,0.00,7.34,547.16,0.00,547.16,100.00%,0.00
6/29/19,971.10,0.00,28.55,942.55,0.00,942.55,100.00%,0.00
6/28/19,367.00,0.00,0.00,367.00,0.00,367.00,100.00%,0.00
6/27/19,669.40,0.00,1.80,667.60,0.00,667.60,100.00%,0.00
6/26/19,456.80,0.00,4.04,452.76,0.00,452.76,100.00%,0.00
6/25/19,558.20,0.00,1.03,557.17,0.00,557.17,100.00%,0.00
6/24/19,606.30,0.00,0.00,606.30,0.00,606.30,100.00%,0.00
6/23/19,518.70,0.00,0.00,518.70,0.00,518.70,100.00%,0.00
6/22/19,615.80,0.00,0.00,615.80,0.00,615.80,100.00%,0.00
6/21/19,721.40,0.00,2.34,719.06,0.00,719.06,100.00%,0.00
6/20/19,446.90,0.00,0.00,446.90,0.00,446.90,100.00%,0.00
6/19/19,809.50,25.50,70.10,713.90,0.00,713.90,100.00%,0.00
6/18/19,827.00,0.00,78.07,748.93,0.00,748.93,100.00%,0.00
6/17/19,364.40,0.00,16.90,347.50,0.00,347.50,100.00%,0.00
6/16/19,574.90,0.00,19.40,555.50,0.00,555.50,100.00%,0.00
6/15/19,696.60,0.00,3.44,693.16,0.00,693.16,100.00%,0.00
6/14/19,682.10,0.00,5.32,676.78,0.00,676.78,100.00%,0.00
6/13/19,528.50,0.00,0.00,528.50,0.00,528.50,100.00%,0.00
6/12/19,642.30,0.00,44.50,597.80,0.00,597.80,100.00%,0.00
6/11/19,749.10,0.00,0.00,749.10,0.00,749.10,100.00%,0.00
6/10/19,687.60,0.00,38.34,649.26,0.00,649.26,100.00%,0.00
6/9/19,409.40,0.00,4.95,404.45,0.00,404.45,100.00%,0.00
6/8/19,762.10,0.00,9.47,752.63,0.00,752.63,100.00%,0.00
6/7/19,626.40,0.00,0.00,626.40,0.00,626.40,100.00%,0.00
6/6/19,602.70,0.00,31.09,571.61,0.00,571.61,100.00%,0.00
6/5/19,0.00,0.00,0.00,0.00,0.00,0.00,0.00%,0.00
6/4/19,546.20,0.00,6.52,539.68,0.00,539.68,100.00%,0.00
6/3/19,757.50,0.00,7.00,750.50,0.00,750.50,100.00%,0.00
6/2/19,586.60,0.00,7.80,578.80,0.00,578.80,100.00%,0.00
6/1/19,646.60,0.00,56.63,589.97,0.00,589.97,100.00%,0.00
5/31/19,786.80,0.00,3.55,783.25,0.00,783.25,100.00%,0.00
5/30/19,450.30,0.00,19.00,431.30,0.00,431.30,100.00%,0.00
5/29/19,755.00,0.00,49.86,705.14,0.00,705.14,100.00%,0.00
5/28/19,642.90,0.00,8.49,634.41,0.00,634.41,100.00%,0.00
5/27/19,456.00,0.00,0.00,456.00,0.00,456.00,100.00%,0.00
5/26/19,585.00,0.00,1.24,583.76,0.00,583.76,100.00%,0.00
5/25/19,665.70,0.00,3.86,661.84,0.00,661.84,100.00%,0.00
5/24/19,695.10,0.00,69.88,625.22,0.00,625.22,100.00%,0.00
5/23/19,550.20,0.00,23.50,526.70,0.00,526.70,100.00%,0.00
5/22/19,359.20,0.00,0.00,359.20,0.00,359.20,100.00%,0.00
5/21/19,679.80,0.00,1.26,678.54,0.00,678.54,100.00%,0.00
5/20/19,0.00,0.00,0.00,0.00,0.00,0.00,0.00%,0.00
5/19/19,0.00,0.00,0.00,0.00,0.00,0.00,0.00%,0.00
5/18/19,513.30,0.00,0.00,513.30,0.00,513.30,100.00%,0.00
5/17/19,432.00,0.00,6.96,425.04,0.00,425.04,100.00%,0.00
5/16/19,697.00,0.00,2.11,694.89,0.00,694.89,100.00%,0.00
5/15/19,775.70,0.00,6.30,769.40,0.00,769.40,100.00%,0.00
5/14/19,674.10,0.00,3.05,671.05,0.00,671.05,100.00%,0.00
5/13/19,706.50,0.00,69.20,637.30,0.00,637.30,100.00%,0.00
5/12/19,443.70,0.00,27.70,416.00,0.00,416.00,100.00%,0.00
5/11/19,565.20,0.00,11.69,553.51,0.00,553.51,100.00%,0.00
5/10/19,660.70,0.00,5.58,655.12,0.00,655.12,100.00%,0.00
5/9/19,829.50,0.00,30.45,799.05,0.00,799.05,100.00%,0.00
5/8/19,664.90,0.00,63.40,601.50,0.00,601.50,100.00%,0.00
5/7/19,612.30,0.00,0.00,612.30,0.00,612.30,100.00%,0.00
5/6/19,604.10,0.00,26.30,577.80,0.00,577.80,100.00%,0.00
5/5/19,490.40,0.00,2.06,488.34,0.00,488.34,100.00%,0.00
5/4/19,723.70,0.00,5.47,718.23,0.00,718.23,100.00%,0.00
5/3/19,832.80,0.00,20.07,812.73,0.00,812.73,100.00%,0.00
5/2/19,654.90,0.00,1.54,653.36,0.00,653.36,100.00%,0.00
5/1/19,0.00,0.00,0.00,0.00,0.00,0.00,0.00%,0.00
4/30/19,718.40,0.00,33.73,684.67,0.00,684.67,100.00%,0.00
4/29/19,603.10,0.00,0.00,603.10,0.00,603.10,100.00%,0.00
4/28/19,528.50,0.00,3.00,525.50,0.00,525.50,100.00%,0.00
4/27/19,654.10,0.00,0.91,653.19,0.00,653.19,100.00%,0.00
4/26/19,720.60,0.00,5.56,715.04,0.00,715.04,100.00%,0.00
4/25/19,1041.80,0.00,78.73,963.07,0.00,963.07,100.00%,0.00
4/24/19,632.70,0.00,2.01,630.69,0.00,630.69,100.00%,0.00
4/23/19,716.70,0.00,39.95,676.75,0.00,676.75,100.00%,0.00
4/22/19,585.60,0.00,6.28,579.32,0.00,579.32,100.00%,0.00
4/21/19,738.30,0.00,14.29,724.01,0.00,724.01,100.00%,0.00
4/20/19,870.90,0.00,16.21,854.69,0.00,854.69,100.00%,0.00
4/19/19,0.00,0.00,0.00,0.00,0.00,0.00,0.00%,0.00
4/18/19,756.50,0.00,21.19,735.31,0.00,735.31,100.00%,0.00
4/17/19,734.60,0.00,33.23,701.37,0.00,701.37,100.00%,0.00
4/16/19,769.40,0.00,15.34,754.06,0.00,754.06,100.00%,0.00
4/15/19,656.40,6.10,100.45,549.85,0.00,549.85,100.00%,0.00
4/14/19,520.00,0.00,3.26,516.74,0.00,516.74,100.00%,0.00
4/13/19,647.00,0.00,5.95,641.05,0.00,641.05,100.00%,0.00
4/12/19,681.80,0.00,0.00,681.80,0.00,681.80,100.00%,0.00
4/11/19,526.80,0.00,2.70,524.10,0.00,524.10,100.00%,0.00
4/10/19,466.30,0.00,9.35,456.95,0.00,456.95,100.00%,0.00
4/9/19,825.50,9.00,10.23,806.27,0.00,806.27,100.00%,0.00
4/8/19,657.80,0.00,4.94,652.86,0.00,652.86,100.00%,0.00
4/7/19,623.20,0.00,4.45,618.75,0.00,618.75,100.00%,0.00
4/6/19,827.30,0.00,11.87,815.43,0.00,815.43,100.00%,0.00
4/5/19,1011.50,0.00,45.52,965.98,0.00,965.98,100.00%,0.00
4/4/19,793.90,0.00,8.76,785.14,0.00,785.14,100.00%,0.00
4/3/19,649.90,0.00,3.36,646.54,0.00,646.54,100.00%,0.00
4/2/19,816.30,0.00,18.93,797.37,0.00,797.37,100.00%,0.00
4/1/19,846.00,0.00,50.52,795.48,0.00,795.48,100.00%,0.00
3/31/19,571.50,0.00,9.52,561.98,0.00,561.98,100.00%,0.00
3/30/19,991.60,0.00,8.09,983.51,0.00,983.51,100.00%,0.00
3/29/19,1316.00,0.00,1.46,1314.54,0.00,1314.54,100.00%,0.00
3/28/19,594.70,0.00,54.96,539.74,0.00,539.74,100.00%,0.00
3/27/19,828.20,0.00,92.13,736.07,0.00,736.07,100.00%,0.00
3/26/19,724.50,0.00,3.34,721.16,0.00,721.16,100.00%,0.00
3/25/19,882.20,0.00,34.00,848.20,0.00,848.20,100.00%,0.00
3/24/19,945.50,30.40,131.66,783.44,0.00,783.44,100.00%,0.00
3/23/19,718.20,0.00,13.88,704.32,0.00,704.32,100.00%,0.00
3/22/19,928.30,0.00,73.08,855.22,0.00,855.22,100.00%,0.00
3/21/19,800.00,0.00,15.42,784.58,0.00,784.58,100.00%,0.00
3/20/19,740.00,0.00,41.99,698.01,0.00,698.01,100.00%,0.00
3/19/19,793.00,0.00,17.69,775.31,0.00,775.31,100.00%,0.00
3/18/19,841.50,0.00,22.06,819.44,0.00,819.44,100.00%,0.00
3/17/19,706.10,0.00,39.28,666.82,0.00,666.82,100.00%,0.00
3/16/19,841.20,0.00,22.06,819.14,0.00,819.14,100.00%,0.00
3/15/19,922.70,0.00,19.99,902.71,0.00,902.71,100.00%,0.00
3/14/19,1016.80,0.00,20.33,996.47,0.00,996.47,100.00%,0.00
3/13/19,716.00,0.00,5.00,711.00,0.00,711.00,100.00%,0.00
3/12/19,968.20,7.80,144.98,815.42,0.00,815.42,100.00%,0.00
3/11/19,931.00,0.00,45.91,885.09,0.00,885.09,100.00%,0.00
3/10/19,647.20,0.00,14.17,633.03,0.00,633.03,100.00%,0.00
3/9/19,1209.20,0.00,152.88,1056.32,0.00,1056.32,100.00%,0.00
3/8/19,1004.30,0.00,119.52,884.78,0.00,884.78,100.00%,0.00
3/7/19,622.40,0.00,0.00,622.40,0.00,622.40,100.00%,0.00
3/6/19,738.60,0.00,5.30,733.30,0.00,733.30,100.00%,0.00
3/5/19,637.10,0.00,8.45,628.65,0.00,628.65,100.00%,0.00
3/4/19,1014.60,0.00,18.55,996.05,0.00,996.05,100.00%,0.00
3/3/19,624.00,0.00,71.29,552.71,0.00,552.71,100.00%,0.00
3/2/19,1101.50,0.00,48.71,1052.79,0.00,1052.79,100.00%,0.00
3/1/19,847.80,29.90,9.78,808.12,0.00,808.12,100.00%,0.00
2/28/19,1344.90,0.00,99.43,1245.47,0.00,1245.47,100.00%,0.00
2/27/19,784.70,0.00,11.12,773.58,0.00,773.58,100.00%,0.00
2/26/19,806.70,0.00,19.47,787.23,0.00,787.23,100.00%,0.00
2/25/19,515.50,0.00,0.00,515.50,0.00,515.50,100.00%,0.00
2/24/19,389.00,0.00,4.79,384.21,0.00,384.21,100.00%,0.00
2/23/19,985.90,0.00,7.49,978.41,0.00,978.41,100.00%,0.00
2/22/19,1082.70,0.00,29.42,1053.28,0.00,1053.28,100.00%,0.00
2/21/19,918.20,0.00,49.36,868.84,0.00,868.84,100.00%,0.00
2/20/19,804.40,0.00,40.89,763.51,0.00,763.51,100.00%,0.00
2/19/19,917.50,0.00,27.05,890.45,0.00,890.45,100.00%,0.00
2/18/19,1100.80,0.00,55.42,1045.38,0.00,1045.38,100.00%,0.00
2/17/19,634.40,0.00,91.35,543.05,0.00,543.05,100.00%,0.00
2/16/19,979.80,0.00,39.72,940.08,0.00,940.08,100.00%,0.00
2/15/19,1122.00,0.00,119.75,1002.25,0.00,1002.25,100.00%,0.00
2/14/19,677.50,0.00,14.69,662.81,0.00,662.81,100.00%,0.00
2/13/19,903.60,0.00,13.38,890.22,0.00,890.22,100.00%,0.00
2/12/19,873.60,0.00,55.55,818.05,0.00,818.05,100.00%,0.00
2/11/19,898.10,0.00,2.32,895.78,0.00,895.78,100.00%,0.00
2/10/19,805.70,0.00,22.45,783.25,0.00,783.25,100.00%,0.00
2/9/19,931.30,0.00,34.40,896.90,0.00,896.90,100.00%,0.00
2/8/19,1126.50,0.00,32.00,1094.50,0.00,1094.50,100.00%,0.00
2/7/19,0.00,0.00,0.00,0.00,0.00,0.00,0.00%,0.00
2/6/19,0.00,0.00,0.00,0.00,0.00,0.00,0.00%,0.00
2/5/19,0.00,0.00,0.00,0.00,0.00,0.00,0.00%,0.00
2/4/19,0.00,0.00,0.00,0.00,0.00,0.00,0.00%,0.00
2/3/19,1025.40,0.00,20.26,1005.14,0.00,1005.14,100.00%,0.00
2/2/19,443.60,0.00,4.19,439.41,0.00,439.41,100.00%,0.00
2/1/19,691.60,0.00,14.22,677.38,0.00,677.38,100.00%,0.00
1/31/19,968.90,0.00,41.15,927.75,0.00,927.75,100.00%,0.00
1/30/19,1656.40,0.00,149.62,1506.78,0.00,1506.78,100.00%,0.00
1/29/19,790.80,0.00,19.28,771.52,0.00,771.52,100.00%,0.00
1/28/19,783.50,0.00,13.40,770.10,0.00,770.10,100.00%,0.00
1/27/19,555.80,0.00,7.79,548.01,0.00,548.01,100.00%,0.00
1/26/19,834.40,0.00,62.28,772.12,0.00,772.12,100.00%,0.00
1/25/19,758.80,0.00,31.28,727.52,0.00,727.52,100.00%,0.00
1/24/19,1012.20,0.00,70.31,941.89,0.00,941.89,100.00%,0.00
1/23/19,877.90,0.00,31.70,846.20,0.00,846.20,100.00%,0.00
1/22/19,755.50,0.00,61.45,694.05,0.00,694.05,100.00%,0.00
1/21/19,611.80,0.00,0.87,610.93,0.00,610.93,100.00%,0.00
1/20/19,697.70,49.20,62.00,586.50,0.00,586.50,100.00%,0.00
1/19/19,1046.30,0.00,93.41,952.89,0.00,952.89,100.00%,0.00
1/18/19,767.30,0.00,55.89,711.41,0.00,711.41,100.00%,0.00
1/17/19,867.80,0.00,38.67,829.13,0.00,829.13,100.00%,0.00
1/16/19,764.70,0.00,12.94,751.76,0.00,751.76,100.00%,0.00
1/15/19,752.30,0.00,12.56,739.74,0.00,739.74,100.00%,0.00
1/14/19,714.90,0.00,5.15,709.75,0.00,709.75,100.00%,0.00
1/13/19,487.70,0.00,12.19,475.51,0.00,475.51,100.00%,0.00
1/12/19,929.70,0.00,28.32,901.38,0.00,901.38,100.00%,0.00
1/11/19,882.40,0.00,71.82,810.58,0.00,810.58,100.00%,0.00
1/10/19,991.30,0.00,54.43,936.87,0.00,936.87,100.00%,0.00
1/9/19,788.00,0.00,35.37,752.63,0.00,752.63,100.00%,0.00
1/8/19,848.20,0.00,37.31,810.89,0.00,810.89,100.00%,0.00
1/7/19,876.80,0.00,44.29,832.51,0.00,832.51,100.00%,0.00
1/6/19,541.30,0.00,27.83,513.47,0.00,513.47,100.00%,0.00
1/5/19,813.40,0.00,16.71,796.69,0.00,796.69,100.00%,0.00
1/4/19,1069.10,0.00,45.00,1024.10,0.00,1024.10,100.00%,0.00
1/3/19,474.10,0.00,4.11,469.99,0.00,469.99,100.00%,0.00
1/2/19,618.40,0.00,21.83,596.57,0.00,596.57,100.00%,0.00
1/1/19,0.00,0.00,0.00,0.00,0.00,0.00,0.00%,0.00
12/31/18,571.90,0.00,33.89,538.01,0.00,538.01,100.00%,0.00
12/30/18,374.50,0.00,34.73,339.77,0.00,339.77,100.00%,0.00
12/29/18,563.30,0.00,14.79,548.51,0.00,548.51,100.00%,0.00
12/28/18,478.80,0.00,21.54,457.26,0.00,457.26,100.00%,0.00
12/27/18,515.80,0.00,11.27,504.53,0.00,504.53,100.00%,0.00
12/26/18,879.80,0.00,25.40,854.40,0.00,854.40,100.00%,0.00
12/25/18,0.00,0.00,0.00,0.00,0.00,0.00,0.00%,0.00
12/24/18,529.10,0.00,31.31,497.79,0.00,497.79,100.00%,0.00
12/23/18,551.50,31.20,12.14,508.16,-12.00,520.16,102.36%,0.00
12/22/18,604.10,0.00,11.62,592.48,0.00,592.48,100.00%,0.00
12/21/18,641.40,0.00,33.31,608.09,0.00,608.09,100.00%,0.00
12/20/18,650.10,0.00,26.11,623.99,0.00,623.99,100.00%,0.00
12/19/18,704.80,0.00,29.47,675.33,0.00,675.33,100.00%,0.00
12/18/18,1044.20,0.00,250.14,794.06,0.00,794.06,100.00%,0.00
12/17/18,802.30,0.00,10.11,792.19,0.00,792.19,100.00%,0.00
12/16/18,447.70,0.00,11.24,436.46,0.00,436.46,100.00%,0.00
12/15/18,654.40,0.00,19.99,634.41,0.00,634.41,100.00%,0.00
12/14/18,715.30,0.00,138.39,576.91,0.00,576.91,100.00%,0.00
12/13/18,578.00,0.00,35.62,542.38,0.00,542.38,100.00%,0.00
12/12/18,640.10,0.00,7.26,632.84,0.00,632.84,100.00%,0.00
12/11/18,835.70,0.00,54.38,781.32,0.00,781.32,100.00%,0.00
12/10/18,485.70,0.00,133.67,352.03,0.00,352.03,100.00%,0.00
12/9/18,575.30,0.00,22.02,553.28,0.00,553.28,100.00%,0.00
12/8/18,1000.00,0.00,58.10,941.90,0.00,941.90,100.00%,0.00
12/7/18,814.00,0.00,29.59,784.41,0.00,784.41,100.00%,0.00
12/6/18,787.40,0.00,82.78,704.62,0.00,704.62,100.00%,0.00
12/5/18,835.50,0.00,28.27,807.23,0.00,807.23,100.00%,0.00
12/4/18,759.50,0.00,70.53,688.97,0.00,688.97,100.00%,0.00
12/3/18,466.90,22.40,0.87,443.63,0.00,443.63,100.00%,0.00
12/2/18,452.10,0.00,26.10,426.00,0.00,426.00,100.00%,0.00
12/1/18,535.70,0.00,34.01,501.69,0.00,501.69,100.00%,0.00
11/30/18,701.50,0.00,14.51,686.99,0.00,686.99,100.00%,0.00
11/29/18,498.50,0.00,23.07,475.43,0.00,475.43,100.00%,0.00
11/28/18,767.50,0.00,47.05,720.45,0.00,720.45,100.00%,0.00
11/27/18,436.80,0.00,22.57,414.23,0.00,414.23,100.00%,0.00
11/26/18,684.10,0.00,41.05,643.05,0.00,643.05,100.00%,0.00
11/25/18,290.30,0.00,9.67,280.63,0.00,280.63,100.00%,0.00
11/24/18,466.80,0.00,4.74,462.06,0.00,462.06,100.00%,0.00
11/23/18,640.50,0.00,25.57,614.93,0.00,614.93,100.00%,0.00
11/22/18,495.80,0.00,17.02,478.78,0.00,478.78,100.00%,0.00
11/21/18,408.90,10.20,47.16,351.54,0.00,351.54,100.00%,0.00
11/20/18,595.80,0.00,35.76,560.04,0.00,560.04,100.00%,0.00
11/19/18,726.60,0.00,31.05,695.55,0.00,695.55,100.00%,0.00
11/18/18,521.40,0.00,20.06,501.34,0.00,501.34,100.00%,0.00
11/17/18,778.80,0.00,110.27,668.53,0.00,668.53,100.00%,0.00
11/16/18,829.00,0.00,44.69,784.31,0.00,784.31,100.00%,0.00
11/15/18,794.10,34.80,63.68,695.62,0.00,695.62,100.00%,0.00
11/14/18,625.90,0.00,20.86,605.04,0.00,605.04,100.00%,0.00
11/13/18,645.50,0.00,17.49,628.01,0.00,628.01,100.00%,0.00
11/12/18,675.70,0.00,96.74,578.96,0.00,578.96,100.00%,0.00
11/11/18,395.50,0.00,6.26,389.24,0.00,389.24,100.00%,0.00
11/10/18,576.60,0.00,15.76,560.84,0.00,560.84,100.00%,0.00
11/9/18,1040.10,0.00,111.31,928.79,0.00,928.79,100.00%,0.00
11/8/18,790.10,0.00,37.20,752.90,22.00,730.90,97.08%,0.00
11/7/18,846.40,27.70,31.43,787.27,24.20,763.07,96.93%,0.00
11/6/18,0.00,0.00,0.00,0.00,0.00,0.00,0.00%,0.00
11/5/18,729.20,0.00,17.66,711.54,18.40,693.14,97.41%,0.00
11/4/18,584.20,0.00,14.41,569.79,14.00,555.79,97.54%,0.00
11/3/18,1145.20,0.00,162.23,982.97,14.20,968.77,98.56%,0.00
11/2/18,892.40,0.00,99.13,793.27,16.80,776.47,97.88%,0.00
11/1/18,952.70,0.00,66.57,886.13,15.60,870.53,98.24%,0.00
10/31/18,860.90,0.00,46.25,814.65,21.60,793.05,97.35%,0.00
10/30/18,820.00,0.00,43.71,776.29,13.40,762.89,98.27%,0.00
10/29/18,508.30,0.00,9.15,499.15,11.00,488.15,97.80%,0.00
10/28/18,346.70,0.00,15.95,330.75,18.60,312.15,94.38%,0.00
10/27/18,657.50,0.00,40.91,616.59,17.00,599.59,97.24%,0.00
10/26/18,1187.20,0.00,96.54,1090.66,23.80,1066.86,97.82%,0.00
10/25/18,677.30,0.00,34.87,642.43,11.60,630.83,98.19%,0.00
10/24/18,748.20,0.00,4.19,744.01,17.80,726.21,97.61%,0.00
10/23/18,613.60,0.00,24.13,589.47,16.60,572.87,97.18%,0.00
10/22/18,778.20,0.00,54.96,723.24,6.20,717.04,99.14%,0.00
10/21/18,0.00,0.00,0.00,0.00,0.00,0.00,0.00%,0.00
10/20/18,644.70,0.00,26.77,617.93,15.20,602.73,97.54%,0.00
10/19/18,798.40,0.00,25.69,772.71,18.40,754.31,97.62%,0.00
10/18/18,780.20,0.00,30.32,749.88,17.00,732.88,97.73%,0.00
10/17/18,864.00,0.00,31.85,832.15,14.40,817.75,98.27%,0.00
10/16/18,629.70,0.00,29.93,599.77,24.00,575.77,96.00%,0.00
10/15/18,615.40,0.00,20.84,594.56,17.40,577.16,97.07%,0.00
10/14/18,0.00,0.00,0.00,0.00,0.00,0.00,0.00%,0.00
10/13/18,574.00,0.00,28.94,545.06,12.20,532.86,97.76%,0.00
10/12/18,732.30,0.00,12.67,719.63,21.00,698.63,97.08%,0.00
10/11/18,739.00,0.00,47.51,691.49,18.60,672.89,97.31%,0.00
10/10/18,703.40,0.00,57.58,645.82,20.00,625.82,96.90%,0.00
10/9/18,769.30,0.00,75.83,693.47,15.60,677.87,97.75%,0.00
10/8/18,650.00,0.00,52.37,597.63,15.80,581.83,97.36%,0.00
10/7/18,0.00,0.00,0.00,0.00,0.00,0.00,0.00%,0.00
10/6/18,601.10,0.00,47.33,553.77,17.40,536.37,96.86%,0.00
10/5/18,526.90,0.00,17.37,509.53,6.80,502.73,98.67%,0.00
10/4/18,572.80,0.00,42.71,530.09,8.00,522.09,98.49%,0.00
10/3/18,796.50,0.00,19.83,776.67,22.20,754.47,97.14%,0.00
10/2/18,802.80,0.00,45.86,756.94,18.20,738.74,97.60%,0.00
10/1/18,679.60,0.00,21.62,657.98,7.60,650.38,98.84%,0.00
